@misc{strategywiki,
title = "Bubble {Bobble} - {StrategyWiki}",
howpublished = "https://strategywiki.org/wiki/Bubble_Bobble"
}

@misc{valve-hitbox,
title = "Hitbox - {VALVe Developer Community}",
howpublished = "https://developer.valvesoftware.com/wiki/Hitbox"
}